@article{agrawal2024metron,
  title={Metron: Holistic Performance Evaluation Framework for LLM Inference Systems},
  author={Agrawal, Amey and Agarwal, Anmol and Kedia, Nitin and Mohan, Jayashree and Kundu, Souvik and Kwatra, Nipun and Ramjee, Ramachandran and Tumanov, Alexey},
  journal={arXiv preprint arXiv:2407.07000},
  year={2024}
}

@misc{sharegpt,
  author = {anon8231489123},
  title = {ShareGPT Vicuna unfiltered},
  howpublished = {\url{https://huggingface.co/datasets/anon8231489123/ShareGPT_Vicuna_unfiltered}},
  note = {Accessed: 2024-09-04}
}

@inproceedings{kwon2023efficient,
  title={Efficient Memory Management for Large Language Model Serving with PagedAttention},
  author={Woosuk Kwon and Zhuohan Li and Siyuan Zhuang and Ying Sheng and Lianmin Zheng and Cody Hao Yu and Joseph E. Gonzalez and Hao Zhang and Ion Stoica},
  booktitle={Proceedings of the ACM SIGOPS 29th Symposium on Operating Systems Principles},
  year={2023}
}
